

@article{ml-paper,
	title = {Machine learning enhanced design and knowledge discovery for multi-junction photonic power converters},
	author = {Robert F. H. Hunter and Gavin P. Forcade and Yuri Grinberg and D. Paige Wilson and Meghan N. Beattie and Christopher E. Valdivia and Mathieu de Lafontaine and Louis-Philippe St-Arnaud and Henning Helmers and Oliver H\"ohn and David Lackner and Carmine Pellegrino and Jacob J. Krich and Alexandre W. Walker and Karin Hinzer},
	journal = {Scientific Reports},
	doi = {https://doi.org/10.1038/s41598-025-16408-4},
	year = {Aug 2025},
}

@misc{tcad,
        author = {{Synopsys Inc.}},
	title={Synopsys {S}entaurus {TCAD}},
	url={https://www.synopsys.com/manufacturing/tcad.html},
	year={2025}
}


@InProceedings{ pandas1,
  author    = { {W}es {M}c{K}inney },
  title     = { {D}ata {S}tructures for {S}tatistical {C}omputing in {P}ython },
  booktitle = { {P}roceedings of the 9th {P}ython in {S}cience {C}onference },
  IGNOREpages     = { 56 - 61 },
  year      = { 2010 },
  editor    = { {S}t\'efan van der {W}alt and {J}arrod {M}illman },
  doi       = { 10.25080/Majora-92bf1922-00a }
}

@misc{pandas2,
    author       = { {The pandas development team} },
    title        = {pandas-dev/pandas: Pandas, version 2.2.2},
    year         = {Apr. 2024},
    publisher    = {Zenodo},
    version      = {latest},
    doi          = {10.5281/zenodo.3509134},
}


@article{sklearn,
	title={Scikit-learn: Machine Learning in Python},
	author={Pedregosa, F. and Varoquaux, G. and Gramfort, A. and Michel, V.
	      and Thirion, B. and Grisel, O. and Blondel, M. and Prettenhofer, P.
	      and Weiss, R. and Dubourg, V. and Vanderplas, J. and Passos, A. and
	      Cournapeau, D. and Brucher, M. and Perrot, M. and Duchesnay, E.},
    journal={Journal of Machine Learning Research},
	volume={12},
	pages={2825-2830},
	year={2011},
        doi = {10.5555/1953048.2078195}
}


@Article{         numpy,
 title         = {Array programming with {NumPy}},
 author        = {Charles R. Harris and K. Jarrod Millman and St{\'{e}}fan J.
                 van der Walt and Ralf Gommers and Pauli Virtanen and David
                 Cournapeau and Eric Wieser and Julian Taylor and Sebastian
                 Berg and Nathaniel J. Smith and Robert Kern and Matti Picus
                 and Stephan Hoyer and Marten H. van Kerkwijk and Matthew
                 Brett and Allan Haldane and Jaime Fern{\'{a}}ndez del
                 R{\'{i}}o and Mark Wiebe and Pearu Peterson and Pierre
                 G{\'{e}}rard-Marchant and Kevin Sheppard and Tyler Reddy and
                 Warren Weckesser and Hameer Abbasi and Christoph Gohlke and
                 Travis E. Oliphant},
 year          = {2020},
 month         = sep,
 journal       = {Nature},
 volume        = {585},
 number        = {7825},
 pages         = {357--362},
 doi           = {10.1038/s41586-020-2649-2},
 publisher     = {Springer Science and Business Media {LLC}},
 url           = {https://doi.org/10.1038/s41586-020-2649-2}
}

@Article{matplotlib,
  Author    = {Hunter, J. D.},
  Title     = {Matplotlib: A 2D graphics environment},
  Journal   = {Computing in Science \& Engineering},
  Volume    = {9},
  Number    = {3},
  Pages     = {90--95},
  abstract  = {Matplotlib is a 2D graphics package used for Python for
  application development, interactive scripting, and publication-quality
  image generation across user interfaces and operating systems.},
  publisher = {IEEE COMPUTER SOC},
  doi       = {10.1109/MCSE.2007.55},
  year      = 2007
}

@misc{tensorflow,
title={ {TensorFlow}: Large-Scale Machine Learning on Heterogeneous Systems},
url={https://www.tensorflow.org/},
note={Software available from tensorflow.org},
author={
    Mart\'{i}n~Abadi and
    Ashish~Agarwal and
    Paul~Barham and
    Eugene~Brevdo and
    Zhifeng~Chen and
    Craig~Citro and
    Greg~S.~Corrado and
    Andy~Davis and
    Jeffrey~Dean and
    Matthieu~Devin and
    Sanjay~Ghemawat and
    Ian~Goodfellow and
    Andrew~Harp and
    Geoffrey~Irving and
    Michael~Isard and
    Yangqing Jia and
    Rafal~Jozefowicz and
    Lukasz~Kaiser and
    Manjunath~Kudlur and
    Josh~Levenberg and
    Dandelion~Man\'{e} and
    Rajat~Monga and
    Sherry~Moore and
    Derek~Murray and
    Chris~Olah and
    Mike~Schuster and
    Jonathon~Shlens and
    Benoit~Steiner and
    Ilya~Sutskever and
    Kunal~Talwar and
    Paul~Tucker and
    Vincent~Vanhoucke and
    Vijay~Vasudevan and
    Fernanda~Vi\'{e}gas and
    Oriol~Vinyals and
    Pete~Warden and
    Martin~Wattenberg and
    Martin~Wicke and
    Yuan~Yu and
    Xiaoqiang~Zheng},
  year={2015},
}



@article{pca1,
        year = {1901},
	title = { {LIII.} On lines and planes of closest fit to systems of points in space},
	volume = {2},
	issn = {1941-5982, 1941-5990},
	IGNOREurl = {https://www.tandfonline.com/doi/full/10.1080/14786440109462720},
	doi = {10.1080/14786440109462720},
	pages = {559--572},
	number = {11},
	journal = {The London, Edinburgh, and Dublin Philosophical Magazine and Journal of Science},
	shortjournal = {The London, Edinburgh, and Dublin Philosophical Magazine and Journal of Science},
	author = {Pearson, Karl},
	urldate = {2024-04-21},
	date = {1901-11},
	langid = {english},
	file = {Pearson - 1901 - LIII. On lines and planes of closest fit to sys.pdf:C\:\\Users\\rhunt013\\OneDrive - University of Ottawa\\Documents\\solar-cells_sunlab_onedrive\\papers\\zotero_reference-manager\\storage\\C4RQZW7B\\Pearson - 1901 - LIII. On lines and planes of closest fit to sys.pdf:application/pdf},
}

@article{pca2,
        year = {2016},
	title = {Principal component analysis: a review and recent developments},
	volume = {374},
	issn = {1364-503X, 1471-2962},
	IGNOREurl = {https://royalsocietypublishing.org/doi/10.1098/rsta.2015.0202},
	doi = {10.1098/rsta.2015.0202},
	shorttitle = {Principal component analysis},
	pages = {20150202},
	number = {2065},
	journal = {Philosophical Transactions of the Royal Society A: Mathematical, Physical and Engineering Sciences},
	shortjournal = {Phil. Trans. R. Soc. A.},
	author = {Jolliffe, Ian T. and Cadima, Jorge},
	urldate = {2024-04-21},
	date = {2016-04-13},
	langid = {english},
	file = {Jolliffe and Cadima - 2016 - Principal component analysis a review and recent .pdf:C\:\\Users\\rhunt013\\OneDrive - University of Ottawa\\Documents\\solar-cells_sunlab_onedrive\\papers\\zotero_reference-manager\\storage\\QCVN28E4\\Jolliffe and Cadima - 2016 - Principal component analysis a review and recent .pdf:application/pdf},
}

@inproceedings{ae,
	location = {Montreal, Quebec},
	title = {{PCA}-enhanced autoencoders for nonlinear dimensionality reduction in low data regimes},
	IGNOREurl = {https://opg.optica.org/abstract.cfm?URI=FiO-2019-FM5C.2},
	doi = {10.21428/594757db.05a13011},
	eventtitle = {The 36th Canadian Conference on Artificial Intelligence},
	booktitle = {Proceedings of the 36th Canadian Conference on Artificial Intelligence},
	publisher = {Canadian Artificial Intelligence Association},
	author = {Al-Digeil, Muhammad and Grinberg, Yuri and Melati, Daniele and Schmid, Jens H. and Cheben, Pavel and Janz, Siegfried and Xu, Dan-Xia},
	urldate = {2023-06-05},
	year = {2023},
	langid = {english},
}



@article{hdbscan,
	doi = {10.21105/joss.00205}, 
	IGNOREurl = {https://doi.org/10.21105/joss.00205}, 
	year = {2017}, 
	publisher = {The Open Journal}, 
	volume = {2}, 
	number = {11}, 
	pages = {205}, 
	author = {Leland McInnes and John Healy and Steve Astels}, 
	title = {hdbscan: Hierarchical density based clustering}, 
	journal = {Journal of Open Source Software} 
}

@inproceedings{dbscan,
author = {Ester, Martin and Kriegel, Hans-Peter and Sander, J\"{o}rg and Xu, Xiaowei},
title = {A density-based algorithm for discovering clusters in large spatial databases with noise},
year = {1996},
publisher = {AAAI Press},
booktitle = {Proceedings of the Second International Conference on Knowledge Discovery and Data Mining},
pages = {226â€“231},
numpages = {6},
keywords = {handling nlj4-275oise, efficiency on large spatial databases, clustering algorithms, arbitrary shape of clusters},
location = {Portland, Oregon},
series = {KDD'96}
}


@article{kmeans,
  title={Least squares quantization in PCM},
  author={Lloyd, Stuart P.},
  journal={IEEE Transactions on Information Theory},
  volume={28},
  number={2},
  pages={129-137},
  year={1982},
  publisher={IEEE}
}

@article{agglo,
  author={Ward, J. H.},
  title={Hierarchical Grouping to Optimize an Objective Function},
  journal={Journal of the American Statistical Association},
  volume={58},
  number={301},
  pages={236--244},
  year={1963},
  publisher={Informa UK Limited},
  doi={10.1080/01621459.1963.10500845}
}



@misc{AP_can,
	title = {Supporting collaborative projects between {Canada and Germany} in artificial intelligence and value-added manufacturing},
	author = {{National Research Council of Canada}},
	year = {2021},
	url = {https://nrc.canada.ca/en/stories/supporting-collaborative-projects-between-canada-germany-artificial-intelligence-value-added}
}

@misc{AP_ger,
	title = {{AI}-assisted design and fabrication of photonic infrared power converters for energy and telecommunication},
	author = {{Fraunhofer Institute for Solar Energy Research}},
	url = {https://www.ise.fraunhofer.de/en/research-projects/aiir-power.html},
	year = {2021}
	
}

@ARTICLE{scipy,
  author  = {Virtanen, Pauli and Gommers, Ralf and Oliphant, Travis E. and
            Haberland, Matt and Reddy, Tyler and Cournapeau, David and
            Burovski, Evgeni and Peterson, Pearu and Weckesser, Warren and
            Bright, Jonathan and {van der Walt}, St{\'e}fan J. and
            Brett, Matthew and Wilson, Joshua and Millman, K. Jarrod and
            Mayorov, Nikolay and Nelson, Andrew R. J. and Jones, Eric and
            Kern, Robert and Larson, Eric and Carey, C J and
            Polat, {\.I}lhan and Feng, Yu and Moore, Eric W. and
            {VanderPlas}, Jake and Laxalde, Denis and Perktold, Josef and
            Cimrman, Robert and Henriksen, Ian and Quintero, E. A. and
            Harris, Charles R. and Archibald, Anne M. and
            Ribeiro, Ant{\^o}nio H. and Pedregosa, Fabian and
            {van Mulbregt}, Paul and {SciPy 1.0 Contributors}},
  title   = {{{SciPy} 1.0: Fundamental Algorithms for Scientific
            Computing in Python}},
  journal = {Nature Methods},
  year    = {2020},
  volume  = {17},
  pages   = {261--272},
  adsurl  = {https://rdcu.be/b08Wh},
  doi     = {10.1038/s41592-019-0686-2},
}